@book{phillips1996theory,
  title     = {Theory and applications of numerical analysis},
  author    = {Phillips, George M and Taylor, Peter J},
  year      = {1996},
  publisher = {Elsevier}
}

@article{lynch2008origins,
  title     = {The origins of computer weather prediction and climate modeling},
  author    = {Lynch, Peter},
  journal   = {Journal of computational physics},
  volume    = {227},
  number    = {7},
  pages     = {3431--3444},
  year      = {2008},
  publisher = {Elsevier}
}

@article{tongo,
  title     = {{Huang's law is the new Moore's law, and explains why Nvidia wants arm}},
  url       = {https://www.wsj.com/articles/huangs-law-is-the-new-moores-law-and-explains-why-nvidia-wants-arm-11600488001},
  journal   = {The Wall Street Journal},
  publisher = {Dow Jones &amp; Company},
  year      = {2020},
  month     = {Sep},
  author    = {Christopher Mims}
} 

@article{krizhevsky2012imagenet,
  title   = {Imagenet classification with deep convolutional neural networks},
  author  = {Krizhevsky, Alex and Sutskever, Ilya and Hinton, Geoffrey E},
  journal = {Advances in neural information processing systems},
  volume  = {25},
  year    = {2012}
}

@article{dai2021coatnet,
  title   = {Coatnet: Marrying convolution and attention for all data sizes},
  author  = {Dai, Zihang and Liu, Hanxiao and Le, Quoc V and Tan, Mingxing},
  journal = {Advances in Neural Information Processing Systems},
  volume  = {34},
  pages   = {3965--3977},
  year    = {2021}
}

@misc{matlab,
  title        = {MATLAB},
  key          = {z},
  howpublished = {\url{https://www.mathworks.com/products/matlab.html} Na dzień 2022-04-24}
}

@misc{r,
  title        = {R},
  key          = {z},
  howpublished = {\url{https://www.r-project.org/about.html} Na dzień 2022-04-24}
}

@misc{mathematica,
  howpublished = {\url{https://www.mathematica.pl/} Na dzień 2022-04-24},
  title        = {Mathematica},
  key          = {z}
}

@misc{pypi-stats,
  howpublished = {\url{https://pypistats.org/packages/__all__} Na dzień 2022-04-27},
  title        = {PyPI Stats},
  key          = {z}
}

@misc{cv2-js,
  howpublished = {\url{https://docs.opencv.org/4.x/d4/da1/tutorial_js_setup.html} Na dzień 2022-04-27},
  title        = {OpenCV.js},
  key          = {z}
}

@misc{stack2021,
  howpublished = {\url{https://insights.stackoverflow.com/survey/2021} Na dzień 2022-04-27},
  title        = {StackOverflow 2021 Developer Survey},
  key          = {z}
}
@misc{ostrich,
  author       = {{Khan, Faiz and Foley-Bourgon, Vincent and Kathrotia, Sujay and Lavoie, Erick}},
  title        = {Ostrich Benchmark Suite},
  howpublished = {\url{https://github.com/Sable/Ostrich} Na dzień 2022-04-27},
  version      = {1.0.0},
  date         = {2014-06-09},
  key          = {z}
}

@misc{setTimeout,
  title        = {setTimeout: Reasons for delays longer than specified},
  howpublished = {\url{https://developer.mozilla.org/en-US/docs/web/api/settimeout#reasons_for_delays_longer_than_specified} Na dzień 2022-05-02},
  key          = {z}
}

@misc{runtime,
  title        = {In depth: Microtasks and the JavaScript runtime environment},
  howpublished = {\url{https://developer.mozilla.org/en-US/docs/Web/API/HTML_DOM_API/Microtask_guide/In_depth} Na dzień 2022-05-02},
  key          = {z}
}

@misc{promise,
  title        = {Using Promises},
  howpublished = {\url{https://developer.mozilla.org/en-US/docs/Web/JavaScript/Guide/Using_promises} Na dzień 2022-05-02},
  key          = {z}
}

@misc{libevent,
  title        = {LibEvent},
  howpublished = {\url{https://libevent.org/} Na dzień 2022-05-03},
  key          = {z}
}

@misc{libuv,
  title        = {LibUv},
  howpublished = {\url{https://libuv.org/} Na dzień 2022-05-03},
  key          = {z}
}


@misc{tokio,
  title        = {Tokio},
  howpublished = {\url{https://docs.rs/tokio} Na dzień 2022-05-03},
  key          = {z}
}

@misc{blink,
  title        = {Blink},
  howpublished = {\url{https://docs.google.com/document/d/1aitSOucL0VHZa9Z2vbRJSyAIsAz24kX8LFByQ5xQnUg/edit} Na dzień 2022-05-03},
  key          = {z}
}

 @misc{meurer_2017,
  title   = {An Introduction to Speculative Optimization in V8},
  url     = {https://ponyfoo.com/articles/an-introduction-to-speculative-optimization-in-v8},
  journal = {Ponyfoo},
  author  = {Benedikt Meurer},
  year    = {2017},
  month   = {Nov}
} 

 @misc{meurer_2019,
  title   = {JavaScript Performance Pitfalls in V8},
  url     = {https://ponyfoo.com/articles/javascript-performance-pitfalls-v8},
  journal = {Ponyfoo},
  author  = {Benedikt Meurer},
  year    = {2019},
  month   = {Mar}
} 

@misc{V8,
  title        = {V8},
  howpublished = {\url{https://v8.dev} Na dzień 2022-05-03},
  key          = {z}
}

@misc{spidermonkey,
  title        = {SpiderMonkey},
  howpublished = {\url{https://spidermonkey.dev} Na dzień 2022-05-03},
  key          = {z}
}


@misc{nodejs,
  title        = {Original Node.js presentation},
  author       = {Ryan Dahl},
  howpublished = {\url{https://www.youtube.com/watch?v=ztspvPYybIY} Na dzień 2022-05-03}
}

 @misc{node-apache,
  title   = {Discussion of nodejs vs Apache Performance Battle for the conquest of my heart},
  url     = {https://dev.to/emiliosp/nodejs-vs-apache-performance-battle-for-the-conquest-of-my-5c4n/comments},
  journal = {DEV Community},
  author  = {emilioSp},
  year    = {2019},
  month   = {Aug}
} 


@misc{deno,
  title        = {10 Things I Regret About Node.js - Ryan Dahl - JSConf EU},
  author       = {Ryan Dahl},
  howpublished = {\url{https://www.youtube.com/watch?v=M3BM9TB-8yA} Na dzień 2022-05-03}
}

@misc{semver,
  title        = {Semver},
  howpublished = {\url{https://semver.org/} Na dzień 2022-05-03},
  key          = {z}
}

@misc{jsmodulepattern,
  title        = {JavaScript Module Pattern: In-Depth},
  howpublished = {\url{http://www.adequatelygood.com/JavaScript-Module-Pattern-In-Depth.html} Na dzień 2022-05-03},
  key          = {z}
}

@misc{ESModules,
  title        = {ESModules},
  howpublished = {\url{https://v8.dev/features/modules} Na dzień 2022-05-03},
  key          = {z}
}
